@book{stewart12,
	added-at = {2015-07-14T12:03:34.000+0200},
	address = {Belmont, Cal.},
	author = {Stewart, James},
	biburl = {https://www.bibsonomy.org/bibtex/221ec3d0ee7316b4c8a4569a600b98d7b/ytyoun},
	interhash = {7fbb0721f3dfdf7ef20ded8c004adb23},
	intrahash = {21ec3d0ee7316b4c8a4569a600b98d7b},
	isbn = {0538497904 9780538497909 0840058853 9780840058850 0538498714 9780538498715 0538498870 9780538498876 0840048254 9780840048257},
	keywords = {Calculus textbook},
	publisher = {Brooks/Cole, Cengage Learning},
	refid = {704439548},
	timestamp = {2015-07-14T12:03:34.000+0200},
	title = {Calculus : early transcendentals},
	year = 2012
}

@article{greenwade93,
	author  = "George D. Greenwade",
	title   = "The {C}omprehensive {T}ex {A}rchive {N}etwork ({CTAN})",
	year    = "1993",
	journal = "TUGBoat",
	volume  = "14",
	number  = "3",
	pages   = "342--351"
}

@book{goossens93,
	author    = "Michel Goossens and Frank Mittelbach and Alexander Samarin",
	title     = "The LaTeX Companion",
	year      = "1993",
	publisher = "Addison-Wesley",
	address   = "Reading, Massachusetts"
}

@article{chen2024symbolic,
	title={Symbolic discovery of optimization algorithms},
	author={Chen, Xiangning and Liang, Chen and Huang, Da and Real, Esteban and Wang, Kaiyuan and Pham, Hieu and Dong, Xuanyi and Luong, Thang and Hsieh, Cho-Jui and Lu, Yifeng and others},
	journal={Advances in Neural Information Processing Systems},
	volume={36},
	year={2024}
}
